\cleardoublepage
%\pagebreak
\phantomsection

@misc{mission,
      title={Simultaneous upper and lower bounds of American option prices with hedging via neural networks}, 
      author={Ivan Guo and Nicolas Langren√© and Jiahao Wu},
      year={2023},
      eprint={2302.12439},
      archivePrefix={arXiv},
      primaryClass={q-fin.CP}
}

@article{longstaff2001valuing,
  title={Valuing American options by simulation: a simple least-squares approach},
  author={Longstaff, Francis A and Schwartz, Eduardo S},
  journal={The review of financial studies},
  volume={14},
  number={1},
  pages={113--147},
  year={2001},
  publisher={Oxford University Press}
}

@article{haugh2004pricing,
  title={Pricing American options: A duality approach},
  author={Haugh, Martin B and Kogan, Leonid},
  journal={Operations Research},
  volume={52},
  number={2},
  pages={258--270},
  year={2004},
  publisher={INFORMS}
}

@article{rogers2002monte,
  title={Monte Carlo valuation of American options},
  author={Rogers, Leonard CG},
  journal={Mathematical Finance},
  volume={12},
  number={3},
  pages={271--286},
  year={2002},
  publisher={Wiley Online Library}
}

@article{kohler2010pricing,
  title={Pricing of High-Dimensional American Options by Neural Networks},
  author={Kohler, Michael and Krzy{\.z}ak, Adam and Todorovic, Nebojsa},
  journal={Mathematical Finance: An International Journal of Mathematics, Statistics and Financial Economics},
  volume={20},
  number={3},
  pages={383--410},
  year={2010},
  publisher={Wiley Online Library}
}
@article{lapeyre2021neural,
  title={Neural network regression for Bermudan option pricing},
  author={Lapeyre, Bernard and Lelong, J{\'e}r{\^o}me},
  journal={Monte Carlo Methods and Applications},
  volume={27},
  number={3},
  pages={227--247},
  year={2021},
  publisher={De Gruyter}
}

@article{han2018solving,
  title={Solving high-dimensional partial differential equations using deep learning},
  author={Han, Jiequn and Jentzen, Arnulf and E, Weinan},
  journal={Proceedings of the National Academy of Sciences},
  volume={115},
  number={34},
  pages={8505--8510},
  year={2018},
  publisher={National Acad Sciences}
}

@article{germain2021neural,
  title={Neural networks-based algorithms for stochastic control and PDEs in finance},
  author={Germain, Maximilien and Pham, Huy{\^e}n and Warin, Xavier and others},
  journal={arXiv preprint arXiv:2101.08068},
  year={2021}
}
@book{glasserman2004monte,
  title={Monte Carlo methods in financial engineering},
  author={Glasserman, Paul},
  volume={53},
  year={2004},
  publisher={Springer}
}

@article{hornik1991approximation,
  title={Approximation capabilities of multilayer feedforward networks},
  author={Hornik, Kurt},
  journal={Neural networks},
  volume={4},
  number={2},
  pages={251--257},
  year={1991},
  publisher={Elsevier}
}