@misc{phl,
      title={Building arbitrage-free implied volatility: Sinkhorn's algorithm and variants}, 
      author={Hadrien De March and Pierre Henry-Labordere},
      year={2023},
      eprint={1902.04456},
      archivePrefix={arXiv},
      primaryClass={q-fin.CP}
}

@article{ox,
   title={Detecting and Repairing Arbitrage in Traded Option Prices},
   volume={27},
   ISSN={1466-4313},
   url={http://dx.doi.org/10.1080/1350486X.2020.1846573},
   DOI={10.1080/1350486x.2020.1846573},
   number={5},
   journal={Applied Mathematical Finance},
   publisher={Informa UK Limited},
   author={Cohen, Samuel N. and Reisinger, Christoph and Wang, Sheng},
   year={2020},
   month=sep, pages={345â€“373} }

@misc{valer,
title = { Volatility shape-shifters: arbitrage-free shaping of implied volatility surfaces},
author = {Valer Zetocha},
year = {2024},
journal = {Risk}
}

@article{natixis,
  title={Model Free Arbitrability Bounds for the Implied Volatility},
  author={Gourion, Bernard Philippe and Houssard, Alexis},
  journal={Available at SSRN 4448707},
  year={2023}
}

@article{lee2004moment,
  title={The moment formula for implied volatility at extreme strikes},
  author={Lee, Roger W},
  journal={Mathematical Finance: An International Journal of Mathematics, Statistics and Financial Economics},
  volume={14},
  number={3},
  pages={469--480},
  year={2004},
  publisher={Wiley Online Library}
}

@article{roper2010arbitrage,
  title={Arbitrage free implied volatility surfaces},
  author={Roper, Michael},
  journal={preprint},
  year={2010}
}

@article{fukasawa2010normalization,
  title={Normalization for implied volatility},
  author={Fukasawa, Masaaki},
  journal={arXiv preprint arXiv:1008.5055},
  year={2010},
  publisher={Citeseer}
}

